@article{hybrid,
author = {Khashei, Mehdi and Hajirahimi, Zahra},
year = {2018},
month = {05},
pages = {1-16},
title = {A comparative study of series arima/mlp hybrid models for stock price forecasting},
journal = {Communications in Statistics - Simulation and Computation},
doi = {10.1080/03610918.2018.1458138}
}